<record><leader>00000cas a2200000 a 4500</leader><controlfield tag="001">14156515</controlfield><controlfield tag="008">860828d19601963kyudn ne      0    0eng d</controlfield><datafield ind1=" " ind2=" " tag="010"><subfield code="a">sn 86069428 </subfield></datafield><datafield ind1=" " ind2=" " tag="040"><subfield code="a">KNP</subfield><subfield code="b">eng</subfield><subfield code="c">KNP</subfield><subfield code="d">OCL</subfield><subfield code="d">OCLCQ</subfield></datafield><datafield ind1=" " ind2=" " tag="042"><subfield code="a">msc</subfield></datafield><datafield ind1="0" ind2="0" tag="245"><subfield code="a">Gleaner and journal.</subfield></datafield><datafield ind1=" " ind2=" " tag="260"><subfield code="a">Henderson, Ky. :</subfield><subfield code="b">Francele H. Armstrong,</subfield><subfield code="c">1960-1963.</subfield></datafield><datafield ind1=" " ind2=" " tag="300"><subfield code="a">v. :</subfield><subfield code="b">ill.</subfield></datafield><datafield ind1=" " ind2=" " tag="310"><subfield code="a">Daily (except Mon.)</subfield></datafield><datafield ind1="0" ind2=" " tag="362"><subfield code="a">77th yr., no. 265 (July 30, 1960)-78th yr., no. 262 (July 31, 1963).</subfield></datafield><datafield ind1=" " ind2="4" tag="651"><subfield code="a">Henderson (Ky.)</subfield><subfield code="v">Newspapers.</subfield></datafield><datafield ind1=" " ind2="4" tag="651"><subfield code="a">Henderson County (Ky.)</subfield><subfield code="v">Newspapers.</subfield></datafield><datafield ind1=" " ind2=" " tag="752"><subfield code="a">United States</subfield><subfield code="b">Kentucky</subfield><subfield code="c">Henderson</subfield><subfield code="d">Henderson.</subfield></datafield><datafield ind1="0" ind2="0" tag="780"><subfield code="t">Henderson gleaner and journal</subfield><subfield code="w">(DLC)sn 86069427</subfield></datafield><datafield ind1="0" ind2="0" tag="785"><subfield code="t">Gleaner-journal</subfield><subfield code="w">(DLC)sn 86069429</subfield></datafield><datafield ind1="1" ind2=" " tag="029"><subfield code="a">AU@</subfield><subfield code="b">000025825335</subfield></datafield></record>